% Encoding: UTF-8

 
@InProceedings{Solms2012,
  author     = {Solms, Fritz},
  booktitle  = {Proceedings of the South African Institute for Computer Scientists and Information Technologists Conference},
  date       = {2012-10},
  title      = {What is software architecture?},
  doi        = {10.1145/2389836.2389879},
  publisher  = {ACM},
  series     = {SAICSIT ’12},
  collection = {SAICSIT ’12},
}

 
@Article{Jaiswal2019,
  author       = {Jaiswal, Manishaben},
  date         = {2019},
  journaltitle = {SSRN Electronic Journal},
  title        = {Software Architecture and Software Design},
  doi          = {10.2139/ssrn.3772387},
  issn         = {1556-5068},
  publisher    = {Elsevier BV},
}

 
@Article{Patterson1996,
  author       = {Patterson, Murray G},
  date         = {1996-05},
  journaltitle = {Energy Policy},
  title        = {What is energy efficiency?},
  doi          = {10.1016/0301-4215(96)00017-1},
  issn         = {0301-4215},
  number       = {5},
  pages        = {377--390},
  url          = {https://www.researchgate.net/publication/222171789_What_is_energy_efficiency_Concepts_issues_and_methodological_issues},
  urldate      = {2024-02-28},
  volume       = {24},
  publisher    = {Elsevier BV},
}

 
@Article{Hassan2017,
  author       = {Hesham H M Hassan and Ahmed Shawky Moussa and Ibrahim Farag},
  date         = {2017},
  journaltitle = {International Journal of Advanced Computer Science and Applications},
  title        = {Performance vs. Power and Energy Consumption},
  doi          = {10.14569/ijacsa.2017.081217},
  issn         = {2158-107X},
  number       = {12},
  volume       = {8},
  publisher    = {The Science and Information Organization},
}

 
@Article{Ergasheva2020,
  author       = {Shokhista Ergasheva and Ilya Khomyakov and Artem Kruglov and G Succil},
  date         = {2020-02},
  journaltitle = {IOP Conference Series: Earth and Environmental Science},
  title        = {Metrics of energy consumption in software systems: a systematic literature review},
  doi          = {10.1088/1755-1315/431/1/012051},
  issn         = {1755-1315},
  number       = {1},
  pages        = {012051},
  volume       = {431},
  publisher    = {IOP Publishing},
}

@Article{Procaccianti2015,
  author    = {Procaccianti, Giuseppe},
  date      = {2015},
  title     = {Energy-Efficient Software},
  doi       = {10.6092/POLITO/PORTO/2609157},
  language  = {en},
  publisher = {Politecnico di Torino},
}

 
@Article{Ciancarini2020,
  author       = {Ciancarini, Paolo and Ergasheva, Shokhista and Kholmatova, Zamira and Kruglov, Artem and Succi, Giancarlo and Vasquez, Xavier and Zuev, Evgeniy},
  date         = {2020-10},
  journaltitle = {Electronics},
  title        = {Analysis of Energy Consumption of Software Development Process Entities},
  doi          = {10.3390/electronics9101678},
  issn         = {2079-9292},
  number       = {10},
  pages        = {1678},
  volume       = {9},
  publisher    = {MDPI AG},
}

@Article{Lubomski2020,
  author  = {Bernhard Lubomski},
  date    = {2020-01-21},
  title   = {Software Performance Fundamentals},
  url     = {https://www.retit.de/software-performance-fundamentals-2/},
  urldate = {2024-02-29},
}

 
@Article{Manner2022,
  author       = {Manner, Jukka},
  date         = {2022-12},
  journaltitle = {Oxford Open Energy},
  title        = {Black software — the energy unsustainability of software systems in the 21st century},
  doi          = {10.1093/ooenergy/oiac011},
  issn         = {2752-5082},
  volume       = {2},
  publisher    = {Oxford University Press (OUP)},
}

 
@InProceedings{Pereira2017,
  author     = {Pereira, Rui and Couto, Marco and Ribeiro, Francisco and Rua, Rui and Cunha, Jácome and Fernandes, João Paulo and Saraiva, João},
  booktitle  = {Proceedings of the 10th ACM SIGPLAN International Conference on Software Language Engineering},
  date       = {2017-10},
  title      = {Energy efficiency across programming languages: how do energy, time, and memory relate?},
  doi        = {10.1145/3136014.3136031},
  publisher  = {ACM},
  series     = {SPLASH ’17},
  collection = {SPLASH ’17},
}

@WWW{Jain2024,
  author = {Abhishek Jain},
  date   = {2024-01-28},
  title  = {Demystifying Compiler vs Interpreter: Understanding the Heart of Code Execution},
  url    = {https://medium.com/@abhishekjainindore24/demystifying-compiler-vs-interpreter-understanding-the-heart-of-code-execution-dd0514e4843c},
}

@Report{Oussalah2013,
  author      = {Mourad Oussalah},
  date        = {2013},
  institution = {John Wiley & Sons, Inc.},
  title       = {SOFTWARE ARCHITECTURE: ARCHITECTURE CONSTRAINTS},
  type        = {resreport},
  url         = {https://www.lirmm.fr/~tibermacin/papers/2014/CT_ChapterOussalah_2014.pdf},
  booktitle   = {Software architecture : Principles, techniques and tools},
}

 
@InProceedings{Alencar2018,
  author    = {Alencar, Paulo and Cowan, Donald and Mulholland, Doug},
  booktitle = {2018 IEEE International Conference on Big Data (Big Data)},
  date      = {2018-12},
  title     = {The iEnvironment Platform: Developing an Open Science Software Platform for Integrated Environmental Monitoring and Modeling of Surface Water},
  doi       = {10.1109/bigdata.2018.8622373},
  publisher = {IEEE},
}

@Online{EDUCBA2023,
  author = {EDUCBA},
  date   = {2023-06-26},
  title  = {Application Architecture},
  url    = {https://www.educba.com/application-architecture/},
}

 
@Article{Marquez2023,
  author       = {Márquez, Gastón and Astudillo, Hernán and Kazman, Rick},
  date         = {2023-03},
  journaltitle = {Journal of Systems and Software},
  title        = {Architectural tactics in software architecture: A systematic mapping study},
  doi          = {10.1016/j.jss.2022.111558},
  issn         = {0164-1212},
  pages        = {111558},
  volume       = {197},
  publisher    = {Elsevier BV},
}

 
@InBook{Megargel2020,
  author    = {Megargel, Alan and Shankararaman, Venky and Walker, David K.},
  booktitle = {Software Engineering in the Era of Cloud Computing},
  date      = {2020},
  title     = {Migrating from Monoliths to Cloud-Based Microservices: A Banking Industry Example},
  doi       = {10.1007/978-3-030-33624-0_4},
  isbn      = {9783030336240},
  pages     = {85--108},
  publisher = {Springer International Publishing},
  issn      = {2197-8433},
}

@Article{Ozkaya2023,
  author  = {Mehmet Ozkaya},
  date    = {2023-02-16},
  title   = {Communications in Monolithic Architecture},
  url     = {https://medium.com/design-microservices-architecture-with-patterns/communications-in-monolithic-architecture-64f9fa901ba4#:~:text=In a monolithic architecture, all,no need for network communication.},
  urldate = {2024-03-21},
}

@Article{Dutta2023,
  author      = {Dutta, Kaushik and Vandermeer, Debra},
  date        = {2023-11-03},
  title       = {A Case for Sustainability and Environment Friendliness in Software Development and Architecture Decisions by Taking Energy-Efficient Design Decisions},
  doi         = {10.48550/ARXIV.2311.01680},
  eprint      = {2311.01680},
  eprintclass = {cs.SE},
  eprinttype  = {arXiv},
  copyright   = {Creative Commons Attribution 4.0 International},
  file        = {:http\://arxiv.org/pdf/2311.01680v1:PDF},
  keywords    = {Software Engineering (cs.SE), FOS: Computer and information sciences, D.2.10},
  publisher   = {arXiv},
  year        = {2023},
}

@Online{Hou2023,
  author  = {XSron Hou},
  date    = {2023-08-30},
  title   = {12 Software Architecture Styles Software Engineers Should Know},
  url     = {https://medium.com/@xsronhou/12-software-architecture-styles-software-engineer-should-know-ee92e3b1f9ac},
  urldate = {2024-04-22},
}

@Article{Agarwal2023,
  author  = {Shubh Agarwal},
  date    = {2023-10-14},
  title   = {Measuring Energy Consumption using RAPL in x86–64 CPUs},
  url     = {https://medium.com/@sagarwal3110/measuring-energy-consumption-using-rapl-in-x86-64-cpus-42beb6205f7a},
  urldate = {2024-03-16},
}

 
@InProceedings{Noureddine2022,
  author    = {Noureddine, Adel},
  booktitle = {2022 18th International Conference on Intelligent Environments (IE)},
  date      = {2022-06},
  title     = {PowerJoular and JoularJX: Multi-Platform Software Power Monitoring Tools},
  doi       = {10.1109/ie54923.2022.9826760},
  publisher = {IEEE},
}

@Comment{jabref-meta: databaseType:biblatex;}
