% Encoding: UTF-8

@Article{Dragoni2016,
  author      = {Dragoni, Nicola and Giallorenzo, Saverio and Lafuente, Alberto Lluch and Mazzara, Manuel and Montesi, Fabrizio and Mustafin, Ruslan and Safina, Larisa},
  date        = {2016-06-13},
  title       = {Microservices: yesterday, today, and tomorrow},
  doi         = {10.48550/ARXIV.1606.04036},
  eprint      = {1606.04036},
  eprintclass = {cs.SE},
  eprinttype  = {arXiv},
  copyright   = {arXiv.org perpetual, non-exclusive license},
  file        = {:http\://arxiv.org/pdf/1606.04036v4:PDF},
  keywords    = {Software Engineering (cs.SE), FOS: Computer and information sciences},
  publisher   = {arXiv},
  year        = {2016},
}

@Article{Dragoni2017,
  author      = {Dragoni, Nicola and Lanese, Ivan and Larsen, Stephan Thordal and Mazzara, Manuel and Mustafin, Ruslan and Safina, Larisa},
  date        = {2017-02-23},
  title       = {Microservices: How To Make Your Application Scale},
  doi         = {10.48550/ARXIV.1702.07149},
  eprint      = {1702.07149},
  eprintclass = {cs.SE},
  eprinttype  = {arXiv},
  copyright   = {arXiv.org perpetual, non-exclusive license},
  file        = {:http\://arxiv.org/pdf/1702.07149v1:PDF},
  keywords    = {Software Engineering (cs.SE), FOS: Computer and information sciences},
  publisher   = {arXiv},
  year        = {2017},
}

 
@Article{Blinowski2022,
  author       = {Blinowski, Grzegorz and Ojdowska, Anna and Przybylek, Adam},
  date         = {2022},
  journaltitle = {IEEE Access},
  title        = {Monolithic vs. Microservice Architecture: A Performance and Scalability Evaluation},
  doi          = {10.1109/access.2022.3152803},
  issn         = {2169-3536},
  pages        = {20357--20374},
  volume       = {10},
  publisher    = {Institute of Electrical and Electronics Engineers (IEEE)},
}

 
@InProceedings{Liu2020,
  author    = {Liu, Guozhi and Huang, Bi and Liang, Zhihong and Qin, Minmin and Zhou, Hua and Li, Zhang},
  booktitle = {2020 IEEE 20th International Conference on Software Quality, Reliability and Security Companion (QRS-C)},
  date      = {2020-12},
  title     = {Microservices: architecture, container, and challenges},
  doi       = {10.1109/qrs-c51114.2020.00107},
  publisher = {IEEE},
}

 
@InProceedings{Jawarneh2019,
  author    = {Jawarneh, Isam Mashhour Al and Bellavista, Paolo and Bosi, Filippo and Foschini, Luca and Martuscelli, Giuseppe and Montanari, Rebecca and Palopoli, Amedeo},
  booktitle = {ICC 2019 - 2019 IEEE International Conference on Communications (ICC)},
  date      = {2019-05},
  title     = {Container Orchestration Engines: A Thorough Functional and Performance Comparison},
  doi       = {10.1109/icc.2019.8762053},
  publisher = {IEEE},
}

@Online{Miskolczy2023,
  author  = {Jozsef Miskolczy},
  date    = {2023-07-16},
  title   = {The Importance of Web Performance in Modern Web Development},
  url     = {https://www.fullctx.dev/p/the-importance-of-web-performance},
  urldate = {2024-02-13},
}

@Online{Allen2024,
  author  = {Matthew Allen},
  date    = {2024-02-08},
  title   = {10 Factors Impacting Application Performance},
  url     = {https://medium.com/@Matthew_allen13/10-factors-impacting-application-performance-cc913f8f9271},
  urldate = {2024-02-13},
}

@Online{Kanjilal2022,
  author  = {Joydip Kanjilal},
  date    = {2022-07-22},
  title   = {10 application performance metrics and how to measure them},
  url     = {https://www.techtarget.com/searchapparchitecture/tip/5-application-performance-metrics-all-dev-teams-should-track},
  urldate = {2024-02-13},
}

 
@Article{Gelenbe2023,
  author       = {Gelenbe, Erol},
  date         = {2023-08},
  journaltitle = {Ubiquity},
  title        = {Electricity Consumption by ICT: Facts, trends, and measurements},
  doi          = {10.1145/3613207},
  issn         = {1530-2180},
  number       = {August},
  pages        = {1--15},
  volume       = {2023},
  publisher    = {Association for Computing Machinery (ACM)},
}

@Online{Dhaduk2020,
  author = {Hiren Dhaduk},
  date   = {2020-07-04},
  title  = {10 Software Architecture Patterns You Must Know About},
  url    = {https://www.simform.com/blog/software-architecture-patterns/},
}

 
@Article{Georgiou2019,
  author       = {Georgiou, Stefanos and Rizou, Stamatia and Spinellis, Diomidis},
  date         = {2019-08},
  journaltitle = {ACM Computing Surveys},
  title        = {Software Development Lifecycle for Energy Efficiency: Techniques and Tools},
  doi          = {10.1145/3337773},
  issn         = {1557-7341},
  number       = {4},
  pages        = {1--33},
  volume       = {52},
  publisher    = {Association for Computing Machinery (ACM)},
}

@Online{GustavoPinto2017,
  author  = {Gustavo Pinto, Fernando Castor},
  date    = {2017},
  title   = {Energy Efficiency: A New Concern for ApplicationSoftware Developers},
  url     = {https://gustavopinto.org/lost+found/cacm2017.pdf},
  urldate = {2024-02-15},
}

@Comment{jabref-meta: databaseType:biblatex;}
